<?xml version="1.0" encoding="UTF-8"?><record xmlns="http://www.loc.gov/MARC21/slim" xmlns:cinclude="http://apache.org/cocoon/include/1.0" xmlns:zs="http://www.loc.gov/zing/srw/">
  <leader>01263cz  a2200157n  4500</leader>
  <controlfield tag="001">n 2011039267</controlfield>
  <controlfield tag="003">DLC</controlfield>
  <controlfield tag="005">20120818080551.0</controlfield>
  <controlfield tag="008">110610n| acannaabn          |a ana      </controlfield>
  <datafield tag="010" ind1=" " ind2=" ">
    <subfield code="a">n 2011039267</subfield>
  </datafield>
  <datafield tag="040" ind1=" " ind2=" ">
    <subfield code="a">DLC</subfield>
    <subfield code="b">eng</subfield>
    <subfield code="c">DLC</subfield>
    <subfield code="d">DLC</subfield>
  </datafield>
  <datafield tag="111" ind1="2" ind2=" ">
    <subfield code="a">Regional Training Course on Conservation and Management of Natural Heritage in Arab Countries</subfield>
  </datafield>
  <datafield tag="411" ind1="2" ind2=" ">
    <subfield code="a">Conservation and Management of Natural Heritage in Arab Countries, Regional Training Course on</subfield>
  </datafield>
  <datafield tag="411" ind1="2" ind2=" ">
    <subfield code="a">Dawrah al-Tadrībīyah al-Thalithah lil-Mushtaghilīn fī Idārath wa-Ṣiyānat al-Maḥmīyāt al-Ṭabīʻīyah fī al-Waṭan al-ʻArabī</subfield>
  </datafield>
  <datafield tag="667" ind1=" " ind2=" ">
    <subfield code="a">THIS 1XX FIELD CANNOT BE USED UNDER RDA UNTIL THIS RECORD HAS BEEN REVIEWED AND/OR UPDATED</subfield>
  </datafield>
  <datafield tag="670" ind1=" " ind2=" ">
    <subfield code="a">Conservation and management of natural heritage in Arab countries, 1996:</subfield>
    <subfield code="b">t.p. (Conservation and management of natural heritage in Arab countries, proceedings of the Third Regional Training Course)  p. 5 (Third Regional Training Course on Conservation and Management of Natual Heritage in Arab Countries held in Cairo and Sinai, from 26 May  to 9 June 1995) p. 5, second group (al-Dawrah al-Tadrībīyah al-Thalithah lil-Mushtaghilīn fī Idārath wa-Ṣiyānat al-Maḥmīyāt al-Ṭabīʻīyah fī al-Waṭan al-ʻArabī)</subfield>
  </datafield>
</record>